@book{deep_learning_book,
    title={Deep Learning},
    author={Ian Goodfellow, Yoshua Bengio i Aaron Courville},
    publisher={MIT Press},
    note={\url{http://www.deeplearningbook.org}},
    year={2016}
}

@book{janicic_vi,
    title={Veštačka inteligencija},
    author={Predrag Janičić i Mladen Nikolić},
    publisher={Matematički fakultet, Univerzitet u Beogradu},
    note={\url{http://poincare.matf.bg.ac.rs/~janicic//courses/vi.pdf}},
    year={2018}
}

@book{nikolic_ml,
    title={Mašinsko učenje},
    author={Mladen Nikolić i Anđelka Zečević},
    publisher={Matematički fakultet, Univerzitet u Beogradu},
    note={\url{http://ml.matf.bg.ac.rs/readings/ml.pdf}},
    year={2018}
}

@book{rl_introduction,
    title={Reinforcement Learning: An Introduction},
    author={Richard S. Sutton i Andrew G. Barto },
    publisher={MIT Press },
    year={2017}
}

@inbook{rli_tup,
    title={Reinforcement Learning: An Introduction},
    author={Richard S. Sutton i Andrew G. Barto },
    publisher={MIT Press },
    year={2017},
    pages="63--64"
}

@inbook{num_met,
    title={Numeričke metode},
    author={Desanka Radunović},
    publisher={Akademska misao},
    year={2004},
    pages="160--162"
}